<?xml version="1.0" encoding="UTF-8"?><collection xmlns="http://www.loc.gov/MARC21/slim"><record><leader>00329nam--2200133-i-4500</leader><controlfield tag="001">000033048</controlfield><controlfield tag="002">20161230</controlfield><controlfield tag="005">20161230201039</controlfield><controlfield tag="008">060222s1000------------r-----000-0-eng-d</controlfield><datafield ind1=" " ind2=" " tag="080"><subfield code="a">620.9:621.039</subfield></datafield><datafield ind1=" " ind2=" " tag="100"><subfield code="a">Marion, Jerry B</subfield></datafield><datafield ind1=" " ind2=" " tag="245"><subfield code="a">Energy in perspective</subfield></datafield><datafield ind1=" " ind2=" " tag="260"><subfield code="a">New York, Academic Press, 1974, Xi + 208p</subfield></datafield><datafield ind1=" " ind2=" " tag="852"><subfield code="a">42601</subfield></datafield></record></collection>